<record><leader>00000cas a2200000 a 4500</leader><controlfield tag="001">9754137</controlfield><controlfield tag="008">830729d18431873tnuwr ne      0    0eng d</controlfield><datafield ind1=" " ind2=" " tag="010"><subfield code="a">sn 83025715 </subfield></datafield><datafield ind1=" " ind2=" " tag="040"><subfield code="a">NPV</subfield><subfield code="b">eng</subfield><subfield code="c">NPV</subfield><subfield code="d">NPU</subfield><subfield code="d">DLC</subfield><subfield code="d">KNP</subfield><subfield code="d">TGN</subfield><subfield code="d">OCL</subfield><subfield code="d">CRL</subfield><subfield code="d">OCLCQ</subfield><subfield code="d">OCLCF</subfield><subfield code="d">OCLCO</subfield></datafield><datafield ind1="1" ind2=" " tag="029"><subfield code="a">AU@</subfield><subfield code="b">000020125078</subfield></datafield><datafield ind1=" " ind2=" " tag="042"><subfield code="a">msc</subfield></datafield><datafield ind1=" " ind2=" " tag="043"><subfield code="a">n-us-tn</subfield></datafield><datafield ind1=" " ind2=" " tag="045"><subfield code="a">w4w6</subfield></datafield><datafield ind1="0" ind2="0" tag="050"><subfield code="a">Newspaper 9793-X</subfield></datafield><datafield ind1=" " ind2=" " tag="052"><subfield code="a">3963</subfield><subfield code="b">M7</subfield></datafield><datafield ind1="0" ind2=" " tag="130"><subfield code="a">Clarksville Jeffersonian (Clarksville, Tenn. : 1843 : Weekly)</subfield></datafield><datafield ind1="1" ind2="0" tag="245"><subfield code="a">Clarksville Jeffersonian.</subfield></datafield><datafield ind1="1" ind2="3" tag="246"><subfield code="a">Jeffersonian</subfield></datafield><datafield ind1=" " ind2=" " tag="260"><subfield code="a">Clarksville, Ten[n]. :</subfield><subfield code="b">Wm. A. Perry</subfield></datafield><datafield ind1=" " ind2=" " tag="300"><subfield code="a">v. :</subfield><subfield code="b">ill. (chiefly advertisements) ;</subfield><subfield code="c">49-65 cm.</subfield></datafield><datafield ind1=" " ind2=" " tag="310"><subfield code="a">Weekly</subfield></datafield><datafield ind1="1" ind2=" " tag="362"><subfield code="a">Began with Mar. 18, 1843 issue.</subfield><subfield code="z">Cf. Gregory, W. Amer. newspapers.</subfield></datafield><datafield ind1="1" ind2=" " tag="362"><subfield code="a">Ceased in 1873?</subfield><subfield code="z">Cf. NIM.</subfield></datafield><datafield ind1=" " ind2=" " tag="515"><subfield code="a">Issues for &lt;Jan. 8, 1851-&gt; called also: whole no. &lt;346-&gt;</subfield></datafield><datafield ind1=" " ind2=" " tag="515"><subfield code="a">Often skips publication for last week in Dec. or first week in Jan.</subfield></datafield><datafield ind1=" " ind2=" " tag="530"><subfield code="a">Also issued on microfilm from Tennessee State Library and Archives.</subfield></datafield><datafield ind1=" " ind2=" " tag="588"><subfield code="a">Description based on: Vol. 1, no. 2 (Mar. 25, 1843).</subfield></datafield><datafield ind1=" " ind2="0" tag="651"><subfield code="a">Clarksville (Tenn.)</subfield><subfield code="v">Newspapers.</subfield></datafield><datafield ind1=" " ind2="0" tag="651"><subfield code="a">Montgomery County (Tenn.)</subfield><subfield code="v">Newspapers.</subfield></datafield><datafield ind1=" " ind2="7" tag="655"><subfield code="a">Newspapers.</subfield><subfield code="2">fast</subfield><subfield code="0">(OCoLC)fst01423814</subfield></datafield><datafield ind1=" " ind2="7" tag="651"><subfield code="a">Tennessee</subfield><subfield code="z">Clarksville.</subfield><subfield code="2">fast</subfield><subfield code="0">(OCoLC)fst01216907</subfield></datafield><datafield ind1=" " ind2="7" tag="651"><subfield code="a">Tennessee</subfield><subfield code="z">Montgomery County.</subfield><subfield code="2">fast</subfield><subfield code="0">(OCoLC)fst01209636</subfield></datafield><datafield ind1=" " ind2=" " tag="752"><subfield code="a">United States</subfield><subfield code="b">Tennessee</subfield><subfield code="c">Montgomery</subfield><subfield code="d">Clarksville.</subfield></datafield><datafield ind1="0" ind2=" " tag="775"><subfield code="t">Clarksville Jeffersonian (Clarksville, Tenn. : 1851 : Semiweekly)</subfield><subfield code="w">(DLC)sn 85033373</subfield></datafield><datafield ind1="0" ind2=" " tag="775"><subfield code="t">Clarksville Jeffersonian (Clarksville, Tenn. : 1861 : Semiweekly)</subfield><subfield code="w">(DLC)sn 88061129</subfield></datafield></record>